@article{bao1,
title = "Numerical solution of the Gross–Pitaevskii equation for Bose–Einstein condensation",
journal = "Journal of Computational Physics",
volume = "187",
number = "1",
pages = "318 - 342",
year = "2003",
issn = "0021-9991",
doi = "https://doi.org/10.1016/S0021-9991(03)00102-5",
url = "http://www.sciencedirect.com/science/article/pii/S0021999103001025",
author = "Weizhu Bao and Dieter Jaksch and Peter A. Markowich"
}

@article{bao2,
title = "Computing the ground state solution of Bose-Einstein Condensates by a normalized gradient glow",
journal = "SIAM Journal on Scientific Computing",
volume = "25",
number = "5",
pages = "1674 - 1697",
year = "2004",
doi = "https://doi.org/10.1137/S1064827503422956",
url = "https://arxiv.org/abs/cond-mat/0303241",
author = "Weizhu Bao and Qiang Du"
}

@article{Adams,
  title = {Vortex Formation in Dilute Inhomogeneous Bose-Einstein Condensates},
  author = {Jackson, B. and McCann, J. F. and Adams, C. S.},
  journal = {Phys. Rev. Lett.},
  volume = {80},
  issue = {18},
  pages = {3903--3906},
  numpages = {0},
  year = {1998},
  month = {May},
  publisher = {American Physical Society},
  doi = {10.1103/PhysRevLett.80.3903},
  url = {https://link.aps.org/doi/10.1103/PhysRevLett.80.3903}
}

@book{Pethick,
    author    = "Pethick, C. J. and Smith, H.",
    title     = "Bose-Einstein Condensates in dilute gases",
    year      = "2008",
    publisher = "Second edition, Cambridge University Press"
}